<?xml version="1.0" encoding="utf-8" standalone="no" ?>
<collection>

	<record type="Bibliographic">
		<leader>02576njm0 2200361   4500</leader>
		<controlfield tag="001">807429</controlfield>
		<datafield ind1=" " ind2=" " tag="100">
			<subfield code="a">20070209d||||    uuuy0frey0103    ba</subfield>
		</datafield>
		<datafield ind1=" " ind2=" " tag="101">
			<subfield code="a">fre</subfield>
		</datafield>
		<datafield ind1=" " ind2=" " tag="102">
			<subfield code="a">FR</subfield>
		</datafield>
		<datafield ind1=" " ind2=" " tag="125">
			<subfield code="a">xx</subfield>
			<subfield code="b">|</subfield>
		</datafield>
		<datafield ind1=" " ind2=" " tag="126">
			<subfield code="a">agbxhxxd|||||bd</subfield>
			<subfield code="b">bex</subfield>
		</datafield>
		<datafield ind1=" " ind2=" " tag="127">
			<subfield code="a">||||||</subfield>
		</datafield>
		<datafield ind1=" " ind2=" " tag="200">
			<subfield code="a">Musique et marché du travail : Enjeux et perspectives européennes</subfield>
			<subfield code="b">Enregistrement sonore</subfield>
			<subfield code="e">séminaire enregistré à la cité de la musique le 17 mars 2007 (10h, amphithéâtre)</subfield>
			<subfield code="f">[Auteurs divers]</subfield>
		</datafield>
		<datafield ind1=" " ind2=" " tag="210">
			<subfield code="a">Paris</subfield>
			<subfield code="c">Cité de la musique</subfield>
			<subfield code="d">2007</subfield>
		</datafield>
		<datafield ind1=" " ind2=" " tag="215">
			<subfield code="a">4h 58 min 5 sec</subfield>
		</datafield>
		<datafield ind1=" " ind2=" " tag="305">
			<subfield code="a">Archivé à la Cité de la musique</subfield>
		</datafield>
		<datafield ind1=" " ind2="0" tag="801">
			<subfield code="a">FR</subfield>
			<subfield code="b">Cite de la musique</subfield>
			<subfield code="c">20070209</subfield>
		</datafield>
		<datafield ind1=" " ind2=" " tag="856">
			<subfield code="u">http://mediatheque.cite-musique.fr/masc/link.asp?IDNOTICE=0802784</subfield>
			<subfield code="2">document numérique lié</subfield>
			<subfield code="e">||||||||||||</subfield>
			<subfield code="b">CMAU000115900</subfield>
		</datafield>
		<datafield ind1=" " ind2=" " tag="900">
			<subfield code="c">CONTRAT_1</subfield>
		</datafield>
		<datafield ind1=" " ind2=" " tag="911">
			<subfield code="a">DESC880948</subfield>
			<subfield code="a">DESC145872</subfield>
			<subfield code="a">DESC68442</subfield>
		</datafield>
		<datafield ind1=" " ind2=" " tag="942">
			<subfield code="c">UNI2P</subfield>
			<subfield code="#">0</subfield>
		</datafield>
		<datafield ind1=" " ind2=" " tag="945">
			<subfield code="a">CMAU000115901#01-05 ; CMAU000115902#01-04 ; CMAU000115903#01 ; CMAU000115904#01-02 ; CMAU000115905#01-05</subfield>
			<subfield code="#">0</subfield>
		</datafield>
		<datafield ind1=" " ind2=" " tag="946">
			<subfield code="a">20070317</subfield>
			<subfield code="#">0</subfield>
		</datafield>
		<datafield ind1=" " ind2=" " tag="948">
			<subfield code="a">CMAU000115904_02</subfield>
			<subfield code="b">42:32</subfield>
			<subfield code="c">45:26</subfield>
			<subfield code="m">CMAU000115900_e</subfield>
			<subfield code="#">0</subfield>
		</datafield>
		<datafield ind1=" " ind2=" " tag="959">
			<subfield code="3">948228</subfield>
			<subfield code="t">Ouverture</subfield>
			<subfield code="b">Enregistrement sonore</subfield>
			<subfield code="f">Laurent Bayle</subfield>
			<subfield code="c">Paris</subfield>
			<subfield code="n">Cité de la musique</subfield>
			<subfield code="d">2007</subfield>
			<subfield code="p">9 min 22 sec</subfield>
		</datafield>
		<datafield ind1=" " ind2=" " tag="959">
			<subfield code="3">948229</subfield>
			<subfield code="t">Travail artistique et trajectoire de professionnalisation</subfield>
			<subfield code="b">Enregistrement sonore</subfield>
			<subfield code="f">[Auteurs divers]</subfield>
			<subfield code="c">Paris</subfield>
			<subfield code="n">Cité de la musique</subfield>
			<subfield code="d">2007</subfield>
			<subfield code="p">45 min 9 sec</subfield>
		</datafield>
		<datafield ind1=" " ind2=" " tag="959">
			<subfield code="3">948233</subfield>
			<subfield code="t">Artistes en Europe, régime d'emploi et statut professionnel</subfield>
			<subfield code="b">Enregistrement sonore</subfield>
			<subfield code="f">Antony Marschutz</subfield>
			<subfield code="c">Paris</subfield>
			<subfield code="n">Cité de la musique</subfield>
			<subfield code="d">2007</subfield>
			<subfield code="p">38 min 48 sec</subfield>
		</datafield>
		<datafield ind1=" " ind2=" " tag="959">
			<subfield code="3">948262</subfield>
			<subfield code="t">Echange avec le public</subfield>
			<subfield code="b">Enregistrement sonore</subfield>
			<subfield code="f">[Auteurs divers]</subfield>
			<subfield code="c">Paris</subfield>
			<subfield code="n">Cité de la musique</subfield>
			<subfield code="d">2007</subfield>
			<subfield code="p">12 min 6 sec</subfield>
		</datafield>
		<datafield ind1=" " ind2=" " tag="959">
			<subfield code="3">948265</subfield>
			<subfield code="t">Regard sur l'Allemagne : formation du musicien et marché du travail artistique</subfield>
			<subfield code="b">Enregistrement sonore</subfield>
			<subfield code="f">Katja Schaefer</subfield>
			<subfield code="g">Christiane Louis, introduction</subfield>
			<subfield code="c">Paris</subfield>
			<subfield code="n">Cité de la musique</subfield>
			<subfield code="d">2007</subfield>
			<subfield code="p">1h 10 min 7 sec</subfield>
		</datafield>
		<datafield ind1=" " ind2=" " tag="959">
			<subfield code="3">948267</subfield>
			<subfield code="t">Introduction à la deuxième partie de la journée</subfield>
			<subfield code="b">Enregistrement sonore</subfield>
			<subfield code="f">Philippe Geoffroy</subfield>
			<subfield code="c">Paris</subfield>
			<subfield code="n">Cité de la musique</subfield>
			<subfield code="d">2007</subfield>
			<subfield code="p">3 min 4 sec</subfield>
		</datafield>
		<datafield ind1=" " ind2=" " tag="959">
			<subfield code="3">948271</subfield>
			<subfield code="t">Table ronde : Qu'est-ce que le management d'artiste?</subfield>
			<subfield code="b">Enregistrement sonore</subfield>
			<subfield code="f">Catherine Lebris</subfield>
			<subfield code="g">Kristin Hoefener</subfield>
			<subfield code="c">Paris</subfield>
			<subfield code="n">Cité de la musique</subfield>
			<subfield code="d">2007</subfield>
			<subfield code="p">58 min 37 sec</subfield>
		</datafield>
		<datafield ind1=" " ind2=" " tag="959">
			<subfield code="3">948277</subfield>
			<subfield code="t">Table ronde : l'apport de l'étranger : du conservatoire aux parcours individuels</subfield>
			<subfield code="b">Enregistrement sonore</subfield>
			<subfield code="f">[Auteurs divers]</subfield>
			<subfield code="c">Paris</subfield>
			<subfield code="n">Cité de la musique</subfield>
			<subfield code="d">2007</subfield>
			<subfield code="p">1h 40 sec</subfield>
		</datafield>
		<datafield ind1=" " ind2=" " tag="959">
			<subfield code="3">948283</subfield>
			<subfield code="t">Echange avec le public</subfield>
			<subfield code="b">Enregistrement sonore</subfield>
			<subfield code="f">[Auteurs divers]</subfield>
			<subfield code="c">Paris</subfield>
			<subfield code="n">Cité de la musique</subfield>
			<subfield code="d">2007</subfield>
			<subfield code="p">10 min 12 sec</subfield>
		</datafield>
	</record>

</collection>
